@misc{internetnutzerBU,
  author       = {L. Rabe}, 
  title        = {Anzahl der Internetnutzer weltweit bis 2022},
  howpublished = {online},
  month        = 1,
  year         = 2023,
  url = {https://de.statista.com/statistik/daten/studie/805920/umfrage/anzahl-der-internetnutzer-weltweit/},
  urldate = {2023-02-11}
}

@misc{fruchtkaramellenBU,
  author       = {Elisa Britzelmeier}, 
  title        = {Jeder Marketingprofessor w√ºrde die Stirn runzeln},
  howpublished = {online},
  month        = 2,
  year         = 2023,
  url = {https://www.sueddeutsche.de/panorama/karneval-bonbon-karamelle-design-fasching-1.5748710},
  urldate = {2023-03-01}
}


@article{somearticle1,
  author  = {Peter Adams}, 
  title   = {The title of the work},
  journal = {The name of the journal},
  year    = 1993,
  number  = 2,
  pages   = {201-213},
  month   = 7,
  volume  = 4
}


@book{somebook1,
  author    = {Peter Babington}, 
  title     = {The title of the work},
  publisher = {The name of the publisher},
  year      = 1993,
  volume    = 4,
  series    = 10,
  address   = {The address},
  edition   = 3,
  month     = 7,
  isbn      = {3257227892}
}
